@book{dahl1972structured,
	editor = {Dahl, O. J. and Dijkstra, E. W. and Hoare, C. A. R.},
	title = {Structured Programming},
	year = {1972},
	isbn = {0-12-200550-3},
	source = {Library of Congress Catalog Card Number: 72-84452},
	publisher = {Academic Press Ltd.},
	address = {London, UK, UK},
}

@book{cormen2009algorithms,
	author = {Cormen, Thomas H. and Leiserson, Charles E. and Rivest, Ronald L. and Stein, Clifford},
	title = {Introduction to Algorithms, Third Edition},
	year = {2009},
	isbn = {0262033844, 9780262033848},
	edition = {3rd},
	publisher = {The MIT Press},
}

@incollection{dijkstra1979goto,
	author = {Dijkstra, E.},
	chapter = {Go to Statement Considered Harmful},
	title = {Classics in Software Engineering},
	editor = {Yourdon, Edward Nash},
	year = {1979},
	isbn = {0-917072-14-6},
	pages = {27--33},
	numpages = {7},
	url = {http://dl.acm.org/citation.cfm?id=1241515.1241518},
	acmid = {1241518},
	publisher = {Yourdon Press},
	address = {Upper Saddle River, NJ, USA},
}

@article{krasner1988mvc,
	author = {Krasner, Glenn E. and Pope, Stephen T.},
	title = {A Cookbook for Using the Model-View-Controller User Interface Paradigm in Smalltalk-80},
	journal = {J. Object Oriented Program.},
	issue_date = {Aug./Sept. 1988},
	volume = {1},
	number = {3},
	month = aug,
	year = {1988},
	issn = {0896-8438},
	pages = {26--49},
	numpages = {24},
	url = {http://dl.acm.org/citation.cfm?id=50757.50759},
	acmid = {50759},
	publisher = {SIGS Publications},
	address = {Denville, NJ, USA},
}
% security
@article{dang2015secure,
  title={Secure hash standard},
  author={Dang, Quynh H},
  year={2015}
}

% Hash functions
@phdthesis{preneel1993analysis,
  title={Analysis and design of cryptographic hash functions},
  author={Preneel, Bart},
  year={1993},
  school={Katholieke Universiteit te Leuven}
}

% SHA-256
@inproceedings{gueron2011sha,
  title={SHA-512/256},
  author={Gueron, Shay and Johnson, Simon and Walker, Jesse},
  booktitle={2011 Eighth International Conference on Information Technology: New Generations},
  pages={354--358},
  year={2011},
  organization={IEEE}
}

% Cloud storage example
@inproceedings{chen2017approach,
  title={An approach to verifying data integrity for cloud storage},
  author={Chen, Yindong and Li, Liping and Chen, Ziran},
  booktitle={2017 13th International Conference on Computational Intelligence and Security (CIS)},
  pages={582--585},
  year={2017},
  organization={IEEE}
}

% Database hash example
@inproceedings{dungan2010classifying,
  title={Classifying sets of attributed scattering centers using a hash coded database},
  author={Dungan, Kerry E and Potter, Lee C},
  booktitle={Algorithms for Synthetic Aperture Radar Imagery XVII},
  volume={7699},
  pages={76990Q},
  year={2010},
  organization={International Society for Optics and Photonics}
}

% Disk drive hash example
@article{garfinkel2010using,
  title={Using purpose-built functions and block hashes to enable small block and sub-file forensics},
  author={Garfinkel, Simson and Nelson, Alex and White, Douglas and Roussev, Vassil},
  journal={digital investigation},
  volume={7},
  pages={S13--S23},
  year={2010},
  publisher={Elsevier}
}

% Bitcoin example
@inproceedings{courtois2014optimizing,
  title={Optimizing sha256 in bitcoin mining},
  author={Courtois, Nicolas T and Grajek, Marek and Naik, Rahul},
  booktitle={International Conference on Cryptography and Security Systems},
  pages={131--144},
  year={2014},
  organization={Springer}
}

% C++ libs example
@book{guntheroth2016optimized,
  title={Optimized C++: proven techniques for heightened performance},
  author={Guntheroth, Kurt},
  year={2016},
  publisher={" O'Reilly Media, Inc."}
}

% GPU Memory
@article{mei2016dissecting,
  title={Dissecting GPU memory hierarchy through microbenchmarking},
  author={Mei, Xinxin and Chu, Xiaowen},
  journal={IEEE Transactions on Parallel and Distributed Systems},
  volume={28},
  number={1},
  pages={72--86},
  year={2016},
  publisher={IEEE}
}

% Scrypt memory hard
@inproceedings{alwen2017scrypt,
  title={Scrypt is maximally memory-hard},
  author={Alwen, Jo{\"e}l and Chen, Binyi and Pietrzak, Krzysztof and Reyzin, Leonid and Tessaro, Stefano},
  booktitle={Annual International Conference on the Theory and Applications of Cryptographic Techniques},
  pages={33--62},
  year={2017},
  organization={Springer}
}

% Crypto history
@book{katz2020introduction,
  title={Introduction to modern cryptography},
  author={Katz, Jonathan and Lindell, Yehuda},
  year={2020},
  publisher={CRC press}
}

% Enigma
@article{ellis2005exploring,
  title={Exploring the Enigma},
  author={Ellis, Claire},
  journal={http://plus. maths. org/content/os/issue34/features/ellis/index>. Acesso em},
  volume={5},
  pages={1939--1945},
  year={2005}
}

% Sha-2 story
@article{sha2017survey,
  title={Survey of Cryptographic Hashing Algorithms for Message Signing},
  author={Ankit Kumar Jain, Rohit Jones, Puru Joshi},
  journal={http://www.ijcst.com/vol8/8.2/3-rohit-jones.pdf},
  pages={22},
  year={2017}
}

% OpenCL
@book{munshi2011opencl,
  title={OpenCL programming guide},
  author={Munshi, Aaftab and Gaster, Benedict and Mattson, Timothy G and Ginsburg, Dan},
  year={2011},
  publisher={Pearson Education}
}